@book{ Mortad,
               author = "Mortad, Mohammed Hichem",
               maintitle = "Introductory Topology : exercises and solutions",
               title = "Introductory Topology : exercises and solutions",
               year = "2016",
               ISBN = "978-981-3148-02-4",
               publisher="World Scientific Publishing Co. Pte. Ltd.", }
@book{ Fomenko,
               author = "A.T. Fomenko and A.S. Mishchenko",
               maintitle = "A Short Course in Differential Geometry and Topology",
               title = "A Short Course in Differential Geometry and Topology",
               year = "2009",
               ISBN = "978-1-904868-32-3",
               publisher="Cambridge Scientific Publishers", }
@book{LauresSzymik,
              author="Gerd Laures, Markus Szymik",
              maintitle = "Grundkurs Topologie",
              title="Grundkurs Topologie",
              year="2009",
              ISBN="978-3-8274-2040-4",
              publisher="Spektrum Akademischer Verlag Heidelberg"}
@book{Loring,
              author="Loring W. Tu",
              maintitle="An Introduction to Manifolds",
              title="An Introduction to Manifolds",
              year="2008",
              ISBN="978-0-387-48098-5",
              publisher="Springer Science + Business Media, LLC",}
@book{Wall,
              author="C. T. C. Wall",
              maintitle="Differential Topology",
              title="Differential Topology",
              year="2016",
              ISBN="978-1-107-15352-3",
              publisher="Cambridge University Press",}
@book{Taimanov,
              author="Iskander A. Taimanov",
              maintitle="Lectures on Differential Geometry",
              title="Lectures on Differential Geometry",
              year="2008",
              ISBN="978-3-03719-050-0",
              publisher="European Mathematical Society",}